<?xml version="1.0" encoding="UTF-8"?><collection xmlns="http://www.loc.gov/MARC21/slim"><record><leader>00344nam--2200121-i-4500</leader><controlfield tag="001">000042445</controlfield><controlfield tag="002">20161230</controlfield><controlfield tag="005">20161230201043</controlfield><controlfield tag="008">060222s1000------------r-----000-0-eng-d</controlfield><datafield ind1=" " ind2=" " tag="245"><subfield code="a">Spectroscopy. report of the conf.ofganized in london, march 1962</subfield></datafield><datafield ind1=" " ind2=" " tag="260"><subfield code="a">London, The Inst.Of Petroleum, 1962. Viii + 305 P</subfield></datafield><datafield ind1=" " ind2=" " tag="700"><subfield code="a">M.J.Wells</subfield></datafield><datafield ind1=" " ind2=" " tag="852"><subfield code="a">18668</subfield></datafield></record></collection>